@misc{breakout,
    title = "Breakout 1976", 
    url = "https://en.wikipedia.org/wiki/Breakout_(video_game)/"
}

@misc{pythonversion,
    title = "python version 3.8.6 documentation", 
    url = "https://docs.python.org/release/3.8.6/"
}

@misc{pygame,
    title = "pygame documentation",
    url = "https://www.pygame.org/wiki/about"
}

@misc{sprite,
    title = "Sprite", 
    url = "https://www.pygame.org/docs/ref/sprite.html"
}

@misc{opengameart, 
    title = "opengameart", 
    url = "https://opengameart.org/"
}

@misc{breakout_graphics, 
    author = "Imaginelabs",
    year = "2018",
    title = "Art work", 
    url = "https://opengameart.org/content/breakout-brick-breaker-tile-set-free" 
}

@misc{lava_graphics, 
    author = " Tio Aimar", 
    year = "2016",
    title = "Art work", 
    url = "https://opengameart.org/content/2d-platformer-volcano-pack-11"
}